@manual{sample,
  organization = {TU Dortmund, Fakult√§t Physik},
  title = {V407-Fresnelsche Formeln},
  year = 2022
}
