@manual{sample,
  organization = {TU Dortmund, Fakult√§t Physik},
  title = {V500-Anleitung zum Photoeffekt},
  year = 2022
}
@book{Spektrum,
  title={CRC Handbook of Chemistry and Physics, 90th Edition},
  author={Lide, D.R.},
  isbn={9781420090840},
  url={https://hbcp.chemnetbase.com/faces/contents/ContentsSearch.xhtml},
  year={2009},
  publisher={Taylor \& Francis}
}


