@manual{sample,
  organization = {TU Dortmund, Fakult√§t Physik},
  title = {V702-Aktivierung mit Neutronen},
  year = 2023
}
@book{Ag110,
  title={Table of Radionuclides},
  author={B\'e, M.-M. and Chist\'e, V. and Dulieu, C. and Browne, E. and Chechev, V. and Kuzmenko, N. and Helmer, R. and Nichols, A. and Sch\"onfeld, E. and Dersch, R.},
  volume={1},
  isbn={92-822-2206-3},
  series={Monographie BIPM-5},
  url={http://www.bipm.org/utils/common/pdf/monographieRI/Monographie_BIPM-5_Tables_Vol1.pdf},
  year={2004},
  publisher={Bureau International des Poids et Mesures},
  address={Pavillon de Breteuil, F-92310 S\`evres, France}
}
@book{Ag108,
  title={Table of Radionuclides},
  author={B\'e, M.-M. and Chist\'e, V. and Dulieu, C. and Browne, E. and Baglin, C. and Chechev, V. and Kuzmenko, N. and Helmer, R. and Kondev, F. and MacMahon, D. and Lee, K.B.},
  volume={3},
  isbn={92-822-2218-7},
  series={Monographie BIPM-5},
  url={http://www.bipm.org/utils/common/pdf/monographieRI/Monographie_BIPM-5_Tables_Vol3.pdf},
  year={2006},
  publisher={Bureau International des Poids et Mesures},
  address={Pavillon de Breteuil, F-92310 S\`evres, France}
}
@Article{V52,
       author = {{Audi}, G. and {Bersillon}, O. and {Blachot}, J. and {Wapstra}, A.~H.},
        title = "{The NUBASE evaluation of nuclear and decay properties}",
      journal = {nphysa},
         year = 2003,
        month = dec,
       volume = {729},
       number = {1},
        pages = {3-128},
          doi = {10.1016/j.nuclphysa.2003.11.001},
       adsurl = {https://ui.adsabs.harvard.edu/abs/2003NuPhA.729....3A},
      adsnote = {Provided by the SAO/NASA Astrophysics Data System}
}


