@manual{sample,
  organization = {TU Dortmund, Fakult√§t Physik},
  title = {US3: Doppler-Sonographie},
  year = 2023
}
