@manual{sample,
  organization = {TU Dortmund, Fakultät Physik},
  title = {V503-Versuchsanleitung},
  year = 2022
}
@inbook{PhysikTabellen,
author = {Mende, Dietmar and Simon, Günter},
title = {},
booktitle = {Physik-Gleichungen und Tabellen},
chapter = {},
pages = {272-325},
doi = {10.3139/9783446438613.007},
URL = {https://www.hanser-elibrary.com/doi/abs/10.3139/9783446438613.007},
eprint = {https://www.hanser-elibrary.com/doi/pdf/10.3139/9783446438613.007}
}