@manual{V701,
  organization = {TU Dortmund, Fakult√§t Physik},
  title = {Anleitung zu V701-Reichweite von Alpha-Strahlung,
  year = 2022
}
