@manual{sample,
  organization = {TU Dortmund, Fakult√§t Physik},
  title = {V601-Anleitung zum Franck-Hertz-Versuch},
  year = 2023
}

@online{EAnregung,
url = {https://www.leifiphysik.de/atomphysik/atomarer-energieaustausch/versuche/franck-hertz-versuch},
urldate = {2023-06-19},
title = {Franck-Hertz Versuch},
}