@manual{sample,
  organization = {TU Dortmund, Fakult√§t Physik},
  title = {Versuch zum Literaturverzeichnis},
  year = 2022
}
@techreport{NIST,
  author      = {R.D. Deslattes, E.G. Kessler Jr., P. Indelicato, L. de Billy, E. Lindroth, J. Anton, J.S. Coursey, D.J. Schwab, C. Chang, R. Sukumar, K. Olsen, and R.A. Dragoset },
  institution = {National Institute of Standards and Technology, Gaithersburg, MD},
  title       = {X-ray Transition Energies},
  year        = {2005}
}

@online{Emax,
  url = {https://edisciplinas.usp.br/pluginfile.php/2171854/mod_resource/content/1/X-ray%20absorption%20edges%2C%20characteristic%20X-ray%20lines.pdf},
  urldate = {2023-06-12},
  title = {Absorption of photons},
  author = {National Physical Laboratory},
}