@manual{sample,
  organization = {TU Dortmund, Fakult√§t Physik},
  title = {V606-Versuchsanleitung},
  year = 2022
}
